<record><leader>00000cas a22000007a 4500</leader><controlfield tag="001">19756283</controlfield><controlfield tag="008">890524d19151918nduwr ne      0    0eng d</controlfield><datafield ind1=" " ind2=" " tag="010"><subfield code="a">sn 89074128 </subfield></datafield><datafield ind1=" " ind2=" " tag="040"><subfield code="a">NOP</subfield><subfield code="b">eng</subfield><subfield code="c">NOP</subfield><subfield code="d">OCLCQ</subfield></datafield><datafield ind1=" " ind2=" " tag="042"><subfield code="a">msc</subfield></datafield><datafield ind1="0" ind2="4" tag="245"><subfield code="a">The Dunn Center journal.</subfield></datafield><datafield ind1=" " ind2=" " tag="260"><subfield code="a">Dunn Center, Dunn County, N.D. :</subfield><subfield code="b">C.J. Doherty</subfield></datafield><datafield ind1=" " ind2=" " tag="300"><subfield code="a">4 v. :</subfield><subfield code="b">ill. ;</subfield><subfield code="c">54 cm.</subfield></datafield><datafield ind1=" " ind2=" " tag="310"><subfield code="a">Weekly</subfield></datafield><datafield ind1="0" ind2=" " tag="362"><subfield code="a">Vol. 1, no. 1 (June 17, 1915)-v. 4, no. 1 (June 13, 1918).</subfield></datafield><datafield ind1=" " ind2=" " tag="530"><subfield code="a">Available on microfilm from the State Historical Society of North Dakota.</subfield></datafield><datafield ind1=" " ind2=" " tag="752"><subfield code="a">United States</subfield><subfield code="b">North Dakota</subfield><subfield code="c">Dunn</subfield><subfield code="d">Dunn Center.</subfield></datafield><datafield ind1="0" ind2="0" tag="785"><subfield code="t">Dunn County farmers' journal</subfield><subfield code="w">(DLC)sn 89074129</subfield></datafield></record>